@article{Smyth1996,
  doi = {10.1088/0954-898X/7/2/011},
  year = {1996},
  month = May,
  publisher = {Springer Nature},
  volume = {7},
  number = {2},
  pages = {307--316}, 
  author = {Smyth, D. and Phillips, W. A. and Kay, J.}, 
  title = {Measures for investigating the contextual modulation of information transmission},
  journal = {Network: Computation in Neural Systems},
}

@article{Kay2011,
  doi = {10.1007/s11538-010-9564-x},
  year = {2011},
  month = February,
  publisher = {Springer},
  volume = {73},
  number = {2},
  pages = {344--372}, 
  author = {Kay, J. and Phillips, W. A.}, 
  title = {Coherent Infomax as a Computational Goal for Neural Systems},
  journal = {Bulletin of Mathematical Biology},
}

@article{Wibral2017,
  doi = {10.1016/j.bandc.2015.09.004},
  year = {2017},
  month = March,
  publisher = {Elsevier},
  volume = {112},
  number = {},
  pages = {25--38}, 
  author = {Wibral, M. and Priesemann, V. and Kay, J. and Lizier, J. and Phillips, W. A.}, 
  title = {Partial information decomposition as a unified approach to the specification of neural goal functions},
  journal = {Brain and Cognition},
}

@article{Larkum2013,
  doi = {10.1016/j.tins.2012.11.006},
  year = {2013},
  month = March,
  publisher = {Elsevier},
  volume = {36},
  number = {3},
  pages = {141--151}, 
  author = {Larkum, M.}, 
  title = {A cellular mechanism for cortical associations: An organizing principle for the cerebral cortex},
  journal = {Trends in Neurosciences},
}